% =================================================================
% ========================== Theory ===============================
% =================================================================
@article{pdg2016,
      author         = "Patrignani, C. and others",
      title          = "{Review of Particle Physics}",
      collaboration  = "Particle Data Group",
      journal        = "Chin. Phys.",
      volume         = "C40",
      year           = {2016},
      number         = "10",
      doi            = "10.1088/1674-1137/40/10/100001",
}

@misc{topmass_combination,
Author = {\relax The ATLAS and  CDF and  CMS and D Collaborations},
Title = {First combination of Tevatron and LHC measurements of the top-quark mass},
Year = {2014},
Eprint = {arXiv:1403.4427},
}

@book{ModernParticlePhysics,
  AUTHOR       = "Mark Thomson",
  TITLE        = "{Modern Particle Physics}",
  PUBLISHER    = "Cambridge University Press",
  YEAR         = "2013",
  ISBN         = "9781107034266",
}
@MISC{SM,
    Author = {\relax Wikimedia Commons},
    Title = {{The Standard Model of elementary particles}},
    Note = {[Online; accessed April 28, 2017]},
    Howpublished = {\url
    {https://commons.wikimedia.org/wiki/File:Standard_Model_of_Elementary_Particles.svg}}
}


@article{feynman,
Author = {Joshua Ellis},
Title = {{TikZ-Feynman: Feynman diagrams with TikZ}},
Year = {2016},
Eprint = {arXiv:1601.05437},
Doi = {10.1016/j.cpc.2016.08.019},
}
% =================================================================
% ========================== Experiment ===========================
% =================================================================
@article{Rutherford,
	author = {\relax Professor E. Rutherford F.R.S.},
	title = {The scattering of \textalpha \ and \textbeta \ particles by matter and the structure of the atom},
	journal = {Philosophical Magazine Series 6},
	volume = {21},
	number = {125},
	pages = {669-688},
	year = {1911},
	doi = {10.1080/14786440508637080},
	URL = {http://dx.doi.org/10.1080/14786440508637080},
	eprint = {http://dx.doi.org/10.1080/14786440508637080},
}

@article{lhc,
      author        = "Marcastel, Fabienne",
      title         = "{CERN's Accelerator Complex. La chaîne des accélérateurs du CERN}",
      journal       = "",
      year          = "2013",
      reportNumber  = "OPEN-PHO-CHART-2013-001",
      url           = "https://cds.cern.ch/record/1621583",
      note          = "\href{https://cds.cern.ch/record/1621583}{\texttt{OPEN-PHO-CHART-2013-001}}",
} 
@article{CMSdetector,
      author         = "Chatrchyan, S. and others",
      title          = "{The CMS Experiment at the CERN LHC}",
      collaboration  = "CMS",
      journal        = "JINST",
      volume         = "3",
      year           = "2008",
      pages          = "S08004",
      doi            = "10.1088/1748-0221/3/08/S08004",
      SLACcitation   = "%%CITATION = JINST,3,S08004;%%"
}

@MISC{CMStracks,
    Author = {\relax CMS Collaboration},
    Title = {{Identifying Tracks}},
    Note = {[Online; accessed May 04, 2017]},
    Howpublished = {\url
    {http://cms.cern/detector/identifying-tracks}}
}
@MISC{CMSfull,
    Author = {\relax CMS Collaboration},
    Title = {{CMS detctor design}},
    Note = {[Online; accessed May 03, 2017]},
    Howpublished = {\url{http://cms.web.cern.ch/news/cms-detector-design}}
}
@article{EGammaPerformance,
	Author = {\relax CMS Collaboration},
	Title = {Energy calibration and resolution of the CMS electromagnetic calorimeter in pp collisions at sqrt(s) = 7 TeV},
	Year = {2013},
	Eprint = {arXiv:1306.2016},
	Howpublished = {JINST 8 (2013) P09009},
	Doi = {10.1088/1748-0221/8/09/P09009},
}
@book{L1,
      author        = {\relax CMS Collaboration},
      title         = "{CMS TriDAS project: Technical Design Report, Volume 1:
                       The Trigger Systems}",
      collaboration = "CMS Collaboration",
      series        = "Technical Design Report CMS",
      url           = "http://cds.cern.ch/record/706847",
}

@book{HLT,
      author        = {\relax CMS Collaboration},
      title         = "{CMS The TriDAS Project: Technical Design Report, Volume
                       2: Data Acquisition and High-Level Trigger. CMS trigger and
                       data-acquisition project}",
      publisher     = "CERN",
      collaboration = "CMS Collaboration",
      address       = "Geneva",
      series        = "Technical Design Report CMS",
      year          = "2002",
      url           = "http://cds.cern.ch/record/578006",
}
% =================================================================
% ========================== Reconstruction =======================
% =================================================================
@article{particleflow,
	Author = {Florian Beaudette},
	Title = {{The CMS Particle Flow Algorithm}},
	Year = {2014},
	Eprint = {arXiv:1401.8155},
	Howpublished = {Proceedings of the CHEF2013 Conference - Eds. J.C. Brient, R.
	  Salerno, and Y. Sirois - p295 (2013), ISBN 978-2-7302-1624-1},
}
@MISC{CMSslice,
    Author = {David Barney},
    Title = {{CMS slice}},
    Note = {[Online; accessed January 30, 2017]},
    Howpublished = {\url
    {https://cms-docdb.cern.ch/cgi-bin/PublicDocDB/RetrieveFile?docid=5581&filename=PictureforPoint5_oct04_allp.jpg&version=1}}
}
@article{xcone,
	Author = {Iain W. Stewart and Frank J. Tackmann and Jesse Thaler and Christopher K. Vermilion and Thomas F. Wilkason},
	Title = {{XCone: N-jettiness as an Exclusive Cone Jet Algorithm}},
	Year = {2015},
	Eprint = {arXiv:1508.01516},
	Doi = {10.1007/JHEP11(2015)072},
}
@article{hotvr,
	Author = {Tobias Lapsien and Roman Kogler and Johannes Haller},
	Title = {{A new tagger for hadronically decaying heavy particles at the LHC}},
	Year = {2016},
	Eprint = {arXiv:1606.04961},
	Howpublished = {Eur. Phys. J. C 76, 600 (2016)},
	Doi = {10.1140/epjc/s10052-016-4443-8},
}
@article{antikt,
	Author = {Matteo Cacciari and Gavin P. Salam and Gregory Soyez},
	Title = {{The anti-kt jet clustering algorithm}},
	Year = {2008},
	Eprint = {arXiv:0802.1189},
	Howpublished = {JHEP 0804:063,2008},
	Doi = {10.1088/1126-6708/2008/04/063},
}
% =================================================================
% ========================== DATA/MC ==============================
% =================================================================
@MISC{CMSlumi,
    Author = {\relax CMS Collaboration},
    Title = {{Luminosity versus day}},
    Note = {[Online; accessed May 03, 2017]},
    Howpublished = {\url{https://cms-service-lumi.web.cern.ch/cms-service-lumi/publicplots/int_lumi_per_day_cumulative_pp_2016.png}}
}
% =================================================================
% ========================== Analysis =============================
% =================================================================
@article{xconetop,
	Author = {Jesse Thaler and Thomas F. Wilkason},
	Title = {{Resolving Boosted Jets with XCone}},
	Year = {2015},
	Eprint = {arXiv:1508.01518},
	Doi = {10.1007/JHEP12(2015)051},
}
@article{tunfold,
	Author = {Stefan Schmitt},
	Title = {TUnfold: an algorithm for correcting migration effects in high energy physics},
	Year = {2012},
	Eprint = {arXiv:1205.6201},
	Doi = {10.1088/1748-0221/7/10/T10003},
}
% =================================================================
% ========================== unsorted =============================
% =================================================================
@misc{torben_paper,
	Author = {\relax CMS Collaboration},
	Title = {Measurement of the jet mass in highly boosted t-tbar events from pp collisions at sqrt(s) = 8 TeV},
	Year = {2017},
	Eprint = {arXiv:1703.06330},
}
