
@article{ID,
author = {aa},
title = {a},
journaltitle = {journaltitle},
date = {date},
}

